%% ESTE O ARQUIVO QUE REÚNE AS REFERÊNCIAS BIBLIOGRÁFICAS DO TRABALHO
%% NÃO PRECISA ESTAR ORDENADO
%% SE A REFERÊNCIA ESTIVER AQUI E NÃO FOR USADA, NÃO TEM PROBLEMA. NÃO APARECERÁ.
%% SE O TEXTO CITAR UMA REFERÊNCIA QUE NÃO ESTÁ AQUI. VÃO APARECER INTERROGAÇÕES ?? NO TEXTO

% Esse é um importante livro para escrita científica na computação
@book{wazlawick2009metodologia,
  title={Metodologia de pesquisa para ci{\^e}ncia da computa{\c{c}}{\~a}o},
  author={Wazlawick, Raul Sidnei},
  volume={2},
  year={2009},
  publisher={Elsevier}
}

@book{few2006information,
  title={Information dashboard design: The effective visual communication of data},
  author={Few, Stephen},
  year={2006},
  publisher={O'Reilly Media, Inc.}
}

@inproceedings{nielsen1990heuristic,
  title={Heuristic evaluation of user interfaces},
  author={Nielsen, Jakob and Molich, Rolf},
  booktitle={Proceedings of the SIGCHI conference on Human factors in computing systems},
  pages={249--256},
  year={1990}
}

@mastersthesis{santos2018plataforma,
  title={Uma plataforma distribu{\'\i}da de minera{\c{c}}{\~a}o de dados para big data: um estudo de caso aplicado {\`a} Secretaria de Tributa{\c{c}}{\~a}o do Rio Grande do Norte},
  author={Santos, Diego Soares dos},
  year={2018},
  school={Brasil}
}

@book{cohn2004user,
  title={User stories applied: For agile software development},
  author={Cohn, Mike},
  year={2004},
  publisher={Addison-Wesley Professional}
}